
@String{crypto99={Advances in Cryptology - CRYPTO '99, 19th Annual International
               Cryptology Conference, Santa Barbara, California, USA, August
               15--19, 1999, Proceedings}}

@proceedings{crypto99proc,
  editor    = {M. J. Wiener},
  title     = crypto99,
  booktitle = crypto99,
  publisher = {Springer},
  series    = {Lecture Notes in Computer Science},
  volume    = {1666},
  year      = {1999},
  isbn      = {3-540-66347-9},
  bibsource = {DBLP, http://dblp.uni-trier.de}
}

@String{stacs96={STACS 96, 13th Annual Symposium on Theoretical Aspects of
               Computer Science, Grenoble, France, February 22--24, 1996,
               Proceedings}}
@proceedings{stacs96proc,
  editor    = {C. Puech and R. Reischuk},
  title     = stacs96,
  booktitle = stacs96,
  publisher = {Springer},
  series    = {Lecture Notes in Computer Science},
  volume    = {1046},
  year      = {1996},
  isbn      = {3-540-60922-9},
  bibsource = {DBLP, http://dblp.uni-trier.de}
}

@String{soda02={SODA '92: Proceedings of the third annual ACM-SIAM symposium on Discrete algorithms}}
@proceedings{soda92proc,
 title = soda92,
 booktitle = soda92,
 year = {1992},
 isbn = {0-89791-466-X},
 location = {Orlando, Florida, United States},
 source = {ACM member price \$33, order number 509920},
 publisher = {Society for Industrial and Applied Mathematics},
 address = {Philadelphia, PA, USA},
} 

@String{soda07={Proceedings of the Eighteenth Annual ACM-SIAM Symposium
               on Discrete Algorithms, SODA 2007, New Orleans, Louisiana,
               USA, January 7--9, 2007}}
@proceedings{soda07proc,
  editor    = {N. Bansal and K. Pruhs and C. Stein},
  title     = soda07,  
  booktitle = soda07,
  publisher = {SIAM},
  year      = {2007},
  isbn      = {978-0-898716-24-5},
  ee        = {http://dl.acm.org/citation.cfm?id=1283383},
  bibsource = {DBLP, http://dblp.uni-trier.de}
}

@String{soda08={Proceedings of the Nineteenth Annual ACM-SIAM Symposium
               on Discrete Algorithms, SODA 2008, San Francisco, California,
               USA, January 20--22, 2008}}
@proceedings{soda08proc,
  editor    = {S.-H. Teng},
  title     = soda08,
  booktitle = soda08,
  publisher = {SIAM},
  year      = {2008},
  bibsource = {DBLP, http://dblp.uni-trier.de}
}
@String{isaac02={Algorithms and Computation, 13th International Symposium,
               ISAAC 2002 Vancouver, BC, Canada, November 21--23, 2002,
               Proceedings}}
@proceedings{isaac02proc,
  editor    = {P. Bose and P. Morin},
  title     = isaac02, 
  booktitle = isaac02,
  publisher = {Springer},
  series    = {Lecture Notes in Computer Science},
  volume    = {2518},
  year      = {2002},
  isbn      = {3-540-00142-5},
  bibsource = {DBLP, http://dblp.uni-trier.de}
}
@String{wads89={Algorithms and Data Structures, Workshop WADS '89, Ottawa,
               Canada, August 17--19, 1989, Proceedings}}
@proceedings{wads89proc,
  editor    = {F. K. H. A. Dehne and J.-R. Sack and N. Santoro},
  title     = wads89,
  booktitle = wads89,
  publisher = {Springer},
  series    = {Lecture Notes in Computer Science},
  volume    = {382},
  year      = {1989},
  isbn      = {3-540-51542-9},
  bibsource = {DBLP, http://dblp.uni-trier.de}
}

@String{wads93={Algorithms and Data Structures, Third Workshop, WADS '93,
               Montr{\'e}al, Canada, August 11--13, 1993, Proceedings}}
@proceedings{wads93proc,
  editor    = {F. K. H. A. Dehne and
               J.-R. Sack and
               N. Santoro and
               S. Whitesides},
  title     = wads93,  
  booktitle = wads93,
  publisher = {Springer},
  series    = {Lecture Notes in Computer Science},
  volume    = {709},
  year      = {1993},
  isbn      = {3-540-57155-8},
  bibsource = {DBLP, http://dblp.uni-trier.de}
}

@String{wads99={Algorithms and Data Structures, 6th International Workshop,
               WADS '99, Vancouver, British Columbia, Canada, August 11--14,
               1999, Proceedings}}
@proceedings{wads99proc,
  editor    = {F. K. H. A. Dehne and
               A. Gupta and
               J.-R. Sack and
               R. Tamassia},
  title     = wads99,  
  booktitle = wads99,
  publisher = {Springer},
  series    = {Lecture Notes in Computer Science},
  volume    = {1663},
  year      = {1999},
  isbn      = {3-540-66279-0},
  bibsource = {DBLP, http://dblp.uni-trier.de}
}

@String{swat90={SWAT 90, 2nd Scandinavian Workshop on Algorithm Theory,
               Bergen, Norway, July 11--14, 1990, Proceedings}}
@proceedings{swat90proc,
  editor    = {J. R. Gilbert and
               R. G. Karlsson},
  title     = swat90,
  booktitle = swat90,
  publisher = {Springer},
  series    = {Lecture Notes in Computer Science},
  volume    = {447},
  year      = {1990},
  isbn      = {3-540-52846-6},
  bibsource = {DBLP, http://dblp.uni-trier.de}
}

@String{icalp92={Automata, Languages and Programming, 19th International
               Colloquium, ICALP92, Vienna, Austria, July 13--17, 1992,
               Proceedings}}
@proceedings{icalp92proc,
  editor    = {W. Kuich},
  title     = icalp92,
  booktitle = icalp92,
  publisher = {Springer},
  series    = {Lecture Notes in Computer Science},
  volume    = {623},
  year      = {1992},
  isbn      = {3-540-55719-9},
  bibsource = {DBLP, http://dblp.uni-trier.de}
}

@String{stoc01={Proceedings of the thirty-third annual ACM symposium
                  on Theory of computing}}
@proceedings{stoc01proc,
  booktitle =	 stoc01,
  title =        stoc01,
  year =	 2001,
  isbn =	 {1-58113-349-9},
  location =	 {Hersonissos, Greece},
  acmid =	 380843,
  publisher =	 {ACM},
  address =	 {New York, NY, USA},
}

@String{sofsem98={SOFSEM '98: Theory and Practice of Informatics, 25th Conference
               on Current Trends in Theory and Practice of Informatics,
               Jasn{\'a}, Slovakia, November 21--27, 1998, Proceedings}}
@proceedings{sofsem98proc,
  editor    = {B. Rovan},
  title     = sofsem98,
  booktitle = sofsem98,
  publisher = {Springer},
  series    = {Lecture Notes in Computer Science},
  volume    = {1521},
  year      = {1998},
  isbn      = {3-540-65260-4},
  bibsource = {DBLP, http://dblp.uni-trier.de}
}


@String{soda93={Proceedings of the fourth annual ACM-SIAM Symposium
                  on Discrete algorithms}}
@proceedings{soda93proc,
  title = soda93,
  booktitle = soda93,
  year =	 1993,
  organization = {Society for Industrial and Applied Mathematics}
}

@String{focs78={19th Annual Symposium on Foundations of Computer Science, Ann Arbor, Michigan, 16--18 October 1978, Proceedings}}
@proceedings{focs78proc,
  title = focs78,
  booktitle = focs78,
  publisher =  {IEEE Computer Society},
  year = 1978,
  location = {Ann Arbor, Michigan}
}

@String{stoc83={Proceedings of the 15th Annual ACM Symposium on Theory of Computing, 25--27 April, 1983, Boston, Massachusetts, USA}}
@proceedings{stoc83proc,
  title = stoc83,
  booktitle = stoc83,
  publisher =  {ACM},
  organization = {ACM},
  year =  1983,
}

@proceedings{sigmod70,
  title     = {Record of the 1970 ACM SIGFIDET Workshop on Data Description
               and Access, November 15-16, 1970, Rice University, Houston,
               Texas, USA (Second Edition with an Appendix)},
  publisher = {ACM},
  year      = {1971},
  bibsource = {DBLP, http://dblp.uni-trier.de}
}
